@article{Holman_2018,
author = {Holman, Luke and Stuart Fox, Devi and Hauser, Cindy E},
title = {{The gender gap in science: How long until women are equally represented?}},
journal = {PLoS Biology},
year = {2018},
volume = {16},
pages = {e2004956}
}

@article{Lariviere_2013,
author = {Larivi{\`e}re, Vincent and Ni, Chaoqun and Gingras, Yves and Cronin, Blaise and Sugimoto, Cassidy R},
title = {{Bibliometrics: global gender disparities in science.}},
journal = {Nature},
year = {2013},
volume = {504},
number = {7479},
pages = {211--213},
month = dec
}

@article{West_2013,
author = {West, Jevin D and Jacquet, Jennifer and King, Molly M and Correll, Shelley J and Bergstrom, Carl T.},
title = {{The role of gender in scholarly authorship}},
journal = {PLoS ONE},
year = {2013},
volume = {8},
number = {7},
pages = {e66212}
}

@article{Elsevier_report,
author = {{Elsevier Report}},
title = {{Gender in the global research landscape}},
year = {2017},
journal = {elsevier.com/research-intelligence/resource-library/gender-report}
}



